<?xml version="1.0" encoding="UTF-8"?><collection xmlns="http://www.loc.gov/MARC21/slim"><record><leader>00438nam--2200145-i-4500</leader><controlfield tag="001">000041860</controlfield><controlfield tag="002">20161230</controlfield><controlfield tag="005">20161230201043</controlfield><controlfield tag="008">060222s1000------------r-----000-0-eng-d</controlfield><datafield ind1=" " ind2=" " tag="080"><subfield code="a">538.95</subfield></datafield><datafield ind1=" " ind2=" " tag="100"><subfield code="a">Slonczewski,J.C. And Malozemoff,A.P</subfield></datafield><datafield ind1=" " ind2=" " tag="245"><subfield code="a">Magnetic domain walls in bubble materials</subfield></datafield><datafield ind1=" " ind2=" " tag="260"><subfield code="a">New York, Academic Press, 1979. 326 P</subfield></datafield><datafield ind1=" " ind2=" " tag="490"><subfield code="a">Appl.Solisd State Science. Adv.In Materials And Device Research</subfield></datafield><datafield ind1=" " ind2=" " tag="852"><subfield code="a">32714</subfield></datafield></record></collection>